@software{LinLaTeXTemplate,
  author = {Lin, Chunho},
  title  = {{USC-Beamer-Template}},
  url    = {https://github.com/1chooo/latex/}
}
@software{Lin2LaTeXTemplate,
  author = {Lin, Chunho},
  title  = {{USC-Beamer-Template-2}},
  url    = {https://github.com/1chooo/latex/}
}